@proceedings{asplos96,
  title = PROC # "7th " # ASPLOS # " (ASPLOS'96)",
  year = {1996},
  month = oct,
  location = Cambridge,
}

@proceedings{coots97,
  title = PROC # "3rd " # COOTS # " (COOTS'97)",
  year = {1997},
  month = jun,
  location = Paris,
}

@proceedings{eurosys10,
  title = PROC # "5th " # EuroSys # " (EuroSys'10)",
  year = {2010},
  month = apr,
  location = Paris,
}

@proceedings{fast05,
  title = PROC # "4th " # FAST # " (FAST'05)",
  year = {2005},
  month = dec,
  location = SanFrancisco,
}

@proceedings{hotos11,
  title = PROC # "13th " # HotOS # " (HotOS'11)",
  year = {2011},
  month = may,
  location = NapaValley,
}

@proceedings{ieee-sp09,
  title = PROC # IEEE-SP # " ({IEEE} S\&P'09)",
  year = {2009},
  month = may,
  location = Oakland,
}

@proceedings{osdi02,
  title = PROC # "5th " # OSDI # " (OSDI'02)",
  year = 2002,
  month = dec,
  location = Boston,
}

@proceedings{osdi12,
  title = PROC # "10th " # OSDI # " (OSDI'12)",
  year = 2012,
  month = oct,
  location = Hollywood,
}

@proceedings{pldi96,
  title = PROC # PLDI # " (PLDI'96)",
  year = 1996,
  month = may,
  location = Philadelphia,
}

@proceedings{pldi11,
  title = PROC # PLDI # " (PLDI'11)",
  year = 2011,
  month = jun,
  location = SanJose,
}

@proceedings{sosp93,
  title = PROC # "14th " # SOSP # " (SOSP'93)",
  organization = "Association for Computing Machinery",
  year = 1993,
  month = oct,
  location = {Asheville, North Carolina},
}

@proceedings{sosp95,
  booktitle = PROC # "15th " # SOSP # " (SOSP'95)",
  organization = "Association for Computing Machinery",
  editor = "Michael B. Jones",
  year = 1995,
  month = oct,
  location = {Cooper Mountain Resort, Colorado},
}

@proceedings{usenix-atc08,
  booktitle = PROC # "2008 " # USENIX-ATC # " ({USENIX} ATC'08)",
  year = {2008},
  month = jun,
  location = Boston,
}

@proceedings{usenix-sec06,
  booktitle = PROC # "15th " # USENIX-Security # " ({USENIX} Security'06)",
  year = {2006},
  month = aug,
  location = Vancouver,
}

@proceedings{usenix-sec10,
  booktitle = PROC # "19th " # USENIX-Security # " ({USENIX} Security'10)",
  year = {2010},
  month = aug,
  location = WashingtonDC,
}

@periodical{acm-tocs,
  journal = "ACM Transactions on Computer Systems (TOCS)"
}
