@preamble{ "\newcommand{\noopsort}[1]{} "
	# "\newcommand{\printfirst}[2]{#1} "
	# "\newcommand{\singleletter}[1]{#1} "
	# "\newcommand{\switchargs}[2]{#2#1} " }

% Locations

@String{Hollywood = "Hollywood, CA, USA"}
@String{Oakland = "Oakland, CA, USA"}
@String{SanJose = "San Jose, CA, USA"}
@String{WashingtonDC = "Washington, D.C., USA"}

% Proceedings

@String{PROC = "Proceedings of the "}

% Conferences

@String{IEEE-SP = "{IEEE} Symposium on Security and Privacy"}
@String{OSDI = "{USENIX} Symposium on Operating Systems Design and Implementation"}
@String{PLDI = "Conference on Programing Language Design and Implementation"}
@String{SOSP = "{ACM} Symposium on Operating Systems Principles"}
@String{USENIX-Security = "{USENIX} Security Symposium"}
