@IEEEtranBSTCTL{IEEERepeatNames,
  CTLdash_repeated_names = "no",
}

@book{tanenbaum:osdi01,
  author = {Andrew S Tanenbaum and Albert S Woodhull},
  title = {Operating Systems Design and Implementation},
  publisher = {Prentice Hall, 3rd edition},
  year = 2006,
}

@inproceedings{engler:sosp95,
  crossref = {sosp95},
  author = {Dawson R. Engler and Frans M. Kaashoek and James O'Toole Jr.},
  title = {Exokernel: An Operating System Architecture for Application-Level Resource Management},
}

@inproceedings{yee:ieee-sp09,
  crossref = {ieee-sp09},
  author = {Bennet Yee and David Sehr and Gregory Dardyk and J. Bradley Chen and Robert Muth and Tavis Ormandy and Shiki Okasaka and Neha Narula and Nicholas Fullagar},
  title = {Native Client: A Sandbox for Portable, Untrusted x86 Native Code},
}

@inproceedings{sehr:usenix-sec10,
  crossref = {usenix-sec10},
  author = {David Sehr and Robert Muth and Cliff Biffle and Victor Khimenko and Egor Pasko and Karl Schimpf and Bennet Yee and Brad Chen},
  title = {Adapting Software Fault Isolation to Contemporary CPU Architectures},
}

@inproceedings{ansel:pldi11,
  crossref = {pldi11},
  author = {Jason Ansel and Petr Marchenko and Ulfar Erlingsson and Elijah Taylor and Brad Chen and Derek L. Schuff and David Sehr and Cliff L. Biffle and Bennet Yee},
  title = {Language-Independent Sandboxing of Just-In-Time Compilation and Self-Modifying Code},
}

@techreport{donovan:pnacl10,
  author = {Alan Donovan and Roberth Muth and Brad Chen and David Sehr},
  title = {{PNaCl}: Portable Native Client Executables},
  year = 2010,
  month = feb,
}
